<?xml version="1.0" encoding="UTF-8"?><collection xmlns="http://www.loc.gov/MARC21/slim"><record><leader>00454nam--2200133-i-4500</leader><controlfield tag="001">000005957</controlfield><controlfield tag="002">20161230</controlfield><controlfield tag="005">20161230201026</controlfield><controlfield tag="008">060222s1000------------r-----000-0-eng-d</controlfield><datafield ind1=" " ind2=" " tag="245"><subfield code="a">Advances propulsion techniques.proceedings of a technical meeting sponsored by the agard combustion and propulsion panel, california, august 24-26, 1960</subfield></datafield><datafield ind1=" " ind2=" " tag="260"><subfield code="a">New York, Pergamon Press, 1961. X + 255 P</subfield></datafield><datafield ind1=" " ind2=" " tag="490"><subfield code="a">Proceedings</subfield></datafield><datafield ind1=" " ind2=" " tag="700"><subfield code="a">Penner, S.S</subfield></datafield><datafield ind1=" " ind2=" " tag="852"><subfield code="a">17497</subfield></datafield></record></collection>